<?xml version="1.0" encoding="UTF-8"?>
  <record xmlns="http://www.loc.gov/MARC21/slim" type="Authority">
    <leader>00000nz  a2200000oc 4500</leader>
    <controlfield tag="001">1215133197</controlfield>
    <controlfield tag="003">DE-101</controlfield>
    <controlfield tag="005">20200804162831.0</controlfield>
    <controlfield tag="008">200804n||aznnnaabn           | aaa    |c</controlfield>
    <datafield tag="024" ind1="7" ind2=" ">
      <subfield code="a">1215133197</subfield>
      <subfield code="0">http://d-nb.info/gnd/1215133197</subfield>
      <subfield code="2">gnd</subfield>
    </datafield>
    <datafield tag="035" ind1=" " ind2=" ">
      <subfield code="a">(DE-101)1215133197</subfield>
    </datafield>
    <datafield tag="035" ind1=" " ind2=" ">
      <subfield code="a">(DE-588)1215133197</subfield>
    </datafield>
    <datafield tag="040" ind1=" " ind2=" ">
      <subfield code="a">DE-17</subfield>
      <subfield code="c">DE-17</subfield>
      <subfield code="9">r:DE-17</subfield>
      <subfield code="b">ger</subfield>
      <subfield code="d">0017</subfield>
      <subfield code="e">rda</subfield>
    </datafield>
    <datafield tag="042" ind1=" " ind2=" ">
      <subfield code="a">gnd3</subfield>
    </datafield>
    <datafield tag="043" ind1=" " ind2=" ">
      <subfield code="c">XA-DE</subfield>
    </datafield>
    <datafield tag="075" ind1=" " ind2=" ">
      <subfield code="b">p</subfield>
      <subfield code="2">gndgen</subfield>
    </datafield>
    <datafield tag="075" ind1=" " ind2=" ">
      <subfield code="b">piz</subfield>
      <subfield code="2">gndspec</subfield>
    </datafield>
    <datafield tag="079" ind1=" " ind2=" ">
      <subfield code="a">g</subfield>
      <subfield code="q">f</subfield>
    </datafield>
    <datafield tag="100" ind1="1" ind2=" ">
      <subfield code="a">Bickelhaupt, Anna Magdalena Sidonia</subfield>
      <subfield code="d">1672-1674</subfield>
    </datafield>
    <datafield tag="400" ind1="1" ind2=" ">
      <subfield code="a">Bickelhauben, Anna Magdalena Sidonia</subfield>
      <subfield code="d">1672-1674</subfield>
    </datafield>
    <datafield tag="500" ind1="1" ind2=" ">
      <subfield code="0">(DE-101)1215126387</subfield>
      <subfield code="0">(DE-588)1215126387</subfield>
      <subfield code="0">https://d-nb.info/gnd/1215126387</subfield>
      <subfield code="a">Bickelhaupt, Jakob</subfield>
      <subfield code="d">1638-1698</subfield>
      <subfield code="4">bezf</subfield>
      <subfield code="4">https://d-nb.info/standards/elementset/gnd#familialRelationship</subfield>
      <subfield code="w">r</subfield>
      <subfield code="i">Beziehung familiaer</subfield>
      <subfield code="e">Beziehung familiaer</subfield>
      <subfield code="9">v:Vater</subfield>
    </datafield>
    <datafield tag="500" ind1="1" ind2=" ">
      <subfield code="0">(DE-101)1215127081</subfield>
      <subfield code="0">(DE-588)1215127081</subfield>
      <subfield code="0">https://d-nb.info/gnd/1215127081</subfield>
      <subfield code="a">Bickelhaupt, Susanna Elisabetha</subfield>
      <subfield code="d">1641-1674</subfield>
      <subfield code="4">bezf</subfield>
      <subfield code="4">https://d-nb.info/standards/elementset/gnd#familialRelationship</subfield>
      <subfield code="w">r</subfield>
      <subfield code="i">Beziehung familiaer</subfield>
      <subfield code="e">Beziehung familiaer</subfield>
      <subfield code="9">v:Mutter</subfield>
    </datafield>
    <datafield tag="548" ind1=" " ind2=" ">
      <subfield code="a">02.08.1672-02.10.1674</subfield>
      <subfield code="4">datx</subfield>
      <subfield code="4">https://d-nb.info/standards/elementset/gnd#dateOfBirthAndDeath</subfield>
      <subfield code="w">r</subfield>
      <subfield code="i">Exakte Lebensdaten</subfield>
    </datafield>
    <datafield tag="548" ind1=" " ind2=" ">
      <subfield code="a">1672-1674</subfield>
      <subfield code="4">datl</subfield>
      <subfield code="4">https://d-nb.info/standards/elementset/gnd#dateOfBirthAndDeath</subfield>
      <subfield code="w">r</subfield>
      <subfield code="i">Lebensdaten</subfield>
    </datafield>
    <datafield tag="551" ind1=" " ind2=" ">
      <subfield code="0">(DE-101)042050782</subfield>
      <subfield code="0">(DE-588)4205078-9</subfield>
      <subfield code="0">https://d-nb.info/gnd/4205078-9</subfield>
      <subfield code="a">Jugenheim, Bergstraße</subfield>
      <subfield code="4">ortg</subfield>
      <subfield code="4">https://d-nb.info/standards/elementset/gnd#placeOfBirth</subfield>
      <subfield code="w">r</subfield>
      <subfield code="i">Geburtsort</subfield>
    </datafield>
    <datafield tag="551" ind1=" " ind2=" ">
      <subfield code="0">(DE-101)042050782</subfield>
      <subfield code="0">(DE-588)4205078-9</subfield>
      <subfield code="0">https://d-nb.info/gnd/4205078-9</subfield>
      <subfield code="a">Jugenheim, Bergstraße</subfield>
      <subfield code="4">orts</subfield>
      <subfield code="4">https://d-nb.info/standards/elementset/gnd#placeOfDeath</subfield>
      <subfield code="w">r</subfield>
      <subfield code="i">Sterbeort</subfield>
    </datafield>
    <datafield tag="670" ind1=" " ind2=" ">
      <subfield code="a">Vorlage</subfield>
    </datafield>
    <datafield tag="672" ind1=" " ind2="0">
      <subfield code="a">Abgewelckte Menschen-Blum, Welche In Einer Christlichen Leich-Predigt Bey Beerdigung Deß Ehrnhafften und Vorgeachten Herrn, Jacob Bickelhauben, Wohlverordneten Schulmeisters zu Jugenheimb, Und der Ehrn und Tugendsamen Frawen, Susanna Elisabethen, dessen geliebten Hauß-Ehre Holdseligen Töchterleins Anna Magdalena Sidonia, Als dieselbe 1674. den 2. Tag Septembris, Morgens gegen 6. Uhren sänfftiglich aus dieser Welt abgeschieden. Fürgerissen, und auff Begehren zum Druck übergeben hat Nicolaus List, Pfarrer zu Jungenheimb an der Bergstrassen, [Darmstadt: Müller], 1674</subfield>
    </datafield>
  </record>
